2875 4842
45 295 352 422 ficum·
361 319 412 436 ,'
445 329 530 417 δε
557 323 911 444 publica
951 309 1125 415 luci
1167 321 1645 441 expolitum
1692 322 1781 414 εἷς
1806 319 1918 406 τόν
1955 299 2245 422 πατῖἕρα’
2292 339 2416 417 Γε-

47 467 58 542 ,·
115 446 587 535 mitterem
606 500 629 541 ‚
679 461 931 555 atque
966 439 1423 532 identidem
1470 469 1610 527 me
1655 441 1982 528 monuit
2003 501 2031 544 ,
2083 436 2233 528 Te
2276 441 2440 553 pu-'

45 555 55 652 ,⁵
123 557 390 654 blico
416 555 832 651 bonarum
858 552 1281 643 literarum
1309 550 1776 641 commodo
1813 579 1950 641 ma
2010 554 2117 656 ‘S,
2165 579 2425 667 quam

45 669 54 698 ³
131 673 506 788 privato
564 665 1094 783 Scriptorum
1137 687 1490 757 >tuorum
1535 666 1681 754 usu
1729 665 1915 754 dele
2002 668 2139 754 ari.

45 845 46 850 κ
283 779 607 871 Nullus
644 782 893 897 igitur
938 780 1367 887 dubitavi,
1420 778 1914 871 au&oritate
1949 778 2233 868 Amici
2277 807 2425 867 no-

44 913 64 1002 ζ
148 895 313 987 stri
350 897 602 984 nixus
611 956 642 999 ,
704 919 919 1010 opus
957 893 1126 984 hoc
1162 892 1548 1011 aggredi,
1602 902 1686 986 &
1716 893 2160 1009 specimina
2192 890 2428 981 Plan—

44 1007 62 1122 }
147 1028 457 1100 ‘tarum
469 1035 500 1114 ,·
585 1028 1015 1123 quotquot
1082 1010 1334 1097 etiam
1403 1006 1623 1098 Tuo
1680 1034 2033 1101 munere
2089 1035 2429 1122 accepe-

45 1131 60 1232 ζ
117 1195 122 1201 .
158 1150 360 1211 ram
378 1144 410 1228 ‘,
431 1150 644 1209 cum
674 1119 1358 1239 perspicaciffimo
1376 1117 1725 1211 Linnaeo
1767 1121 2286 1224 examinare,
2311 1149 2431 1207 ra·

44 1257 60 1350 3
160 1239 669 1352 riorumque
718 1234 1267 1344 CharaE’ceres
1298 1241 1354 1301 ἢ
1387 1234 1817 1349 indagare,
1884 1259 2107 1349 quos
2147 1232 2428 1325 Gene-

44 1377 60 1442 :
157 1349 415 1448 ,ribus
476 1346 638 1436 suis
706 1346 1079 1439 adserere
1144 1376 1322 1437 non
1394 1347 1590 1439 dedi
1706 1369 1886 1436 atus
1946 1345 2125 1436 fuit.
2239 1345 2428 1460 Uti-

44 1451 54 1550 ἕ
167 1462 385 1553 nam
461 1461 779 1576 reliqua
845 1465 1100 1552 etiam
1156 1492 1354 1550 cum
1451 1460 1601 1551 Do
1689 1462 1705 1477 ⁶
1775 1487 1949 1549 uno
2011 1453 2237 1556 Viro
2323 1460 2434 1551 ad

47 1597 48 1608 ‘
133 1602 552 1667 -examen
603 1602 1010 1667 revocare
1058 1577 1261 1665 mihi
1306 1572 1652 1666 licuiffet
1672 1638 1700 1683 ‚
1766 1603 1953 1688 quae
2001 1574 2175 1666 hoc
2209 1602 2437 1663 anno

45 1685 53 1696 '
171 1711 442 1805 atque
494 1686 890 1804 superiori
961 1688 1450 1778 transmisisti
1504 1688 1968 1808 specimina.
2093 1686 2435 1784 Verum

44 1879 50 1920 ‚
129 1853 136 1856 -
246 1802 375 1891 ost
407 1799 837 1892 disceffum
874 1801 1085 1913 Ejus
1124 1801 1346 1891 solus
1402 1830 1568 1917 ego
1618 1827 1778 1917 pro
1829 1798 2046 1894 virili
2086 1809 2439 1918 operam

45 1941 46 1948 ‘
247 1915 431 2021 edi,
481 1934 581 2005 ut
627 1918 1037 2005 rariorum
1082 1914 1567 2006 Plantarum
1630 1912 2181 2008 Chara&eres
2240 1943 2443 2005 con-

45 2073 46 2080 *
179 2028 679 2135 scriberem,
736 2025 1167 2120 enixeTe
1216 2056 1564 2145 rogam,
1618 2048 1716 2115 ut
1744 2026 1930 2116 Eos
1973 2031 2060 2116 in
2105 2031 2444 2121 virenti-

44 2145 47 2196 ss
184 2142 352 2239 bus
391 2142 696 2259 plantis
724 2143 1007 2233 denuo
1042 2145 1475 2232 examines
1491 2206 1521 2249 ‚
1595 2168 2132 2256 erroresque,
2186 2140 2248 2230 fi
2299 2146 2448 2258 qui

45 2273 48 2288 ·
185 2252 413 2344 forte
457 2283 508 2345 a
549 2281 692 2345 me
741 2253 1148 2347 commisii
1190 2252 1547 2364 fuerint,
1600 2283 1757 2371 pro
1791 2254 2115 2347 summa
2158 2255 2446 2350 huma-

45 2393 47 2426 ῑ
189 2371 453 2458 nitate
488 2366 699 2458 Tua
733 2367 1157 2459 emendes,

45 2507 48 2518 ’
303 2477 670 2597 Singulis
701 2479 1016 2571 Plantis
1056 2479 1319 2588 adjeci
1347 2479 1732 2572 Nomina
1764 2477 1829 2574 S
1889 2475 2175 2573 ecifica
2186 2548 2213 2590 ‚
2259 2512 2447 2597 quae

44 2635 50 2698 ε
192 2593 522 2685 exstant
559 2589 648 2682 in
701 2592 993 2687 Horto
1042 2593 1574 2687 Cliffortiano
1629 2599 1712 2684 &
1750 2512 2008 2686 Ffora
2036 2596 2160 2686 La
2222 2603 2452 2711 poni-

196 2736 299 2798 ca
312 2737 341 2811 3
395 2705 546 2797 reli
604 2704 778 2815 uiS,
833 2737 1018 2824 quae
1058 2707 1231 2797 istic
1270 2734 1449 2796 non
1483 2708 1760 2800 obviae
1795 2730 2030 2800 erant
2049 2774 2080 2817 ,
2203 2714 2451 2802 lantis

196 2819 363 2937 ipse
399 2849 499 2915 ea
522 2849 570 2910 a
673 2824 913 2939 ptavi
932 2886 958 2927 ‚
1011 2820 1518 2912 methodum
1552 2825 2116 2939 componendi
2154 2823 2245 2916 N
2249 2830 2451 2916 omi·

199 2934 384 3032 nas
443 2932 730 3030 ecifiea
764 2933 1176 3027 aLinnaeo
1202 2933 1520 3051 praescri
1578 2958 1757 3025 tam
1792 2937 2144 3047 secutus.
2244 2937 2455 3051 Qui-

199 2965 544 3144 buscssm
589 3046 807 3143 vero
839 3048 1189 3142 Nomen
1240 3077 1418 3142 non
1459 3081 1507 3139 a
1566 3048 1777 3156 didi,
1830 3046 2057 3144 haud
2120 3074 2452 3144 tantum

199 3159 631 3254 confidens
683 3166 1040 3279 propriis
1098 3161 1822 3266 observationibus
1852 3229 1882 3272 ‚
2037 3196 2266 3258 uare·
2308 3199 2452 3259 eas

123 3317 128 3322 ·
202 3260 413 3366 Tibi
459 3274 1052 3368 examinandas
1088 3304 1486 3393 propono
1507 3338 1532 3377 ,
1562 3299 1661 3365 ut
1692 3277 1928 3368 alteri
2031 3280 2230 3372 lorae
2259 3279 2452 3384 Vir·-

207 3386 491 3506 ginicae
525 3388 779 3501 parti,
836 3415 1092 3503 quarn
1128 3389 1451 3482 adorno
1471 3451 1499 3494 ,
1555 3388 1794 3478 inseri
1849 3417 2181 3504 queant.
2588 3452 2591 3468 ’κ

312 3497 915 3620 synonymum
941 3498 1272 3616 singulis
1304 3501 1606 3621 plantis
1643 3504 1982 3595 unicum
2016 3505 2282 3597 modo
2321 3540 2457 3629 ap·-

333 3647 346 3664 ·“
1866 3743 1869 3744 7
2175 3623 2462 3748 posui,

300 3777 340 3828 ⁶
386 3773 492 3862 Hi
537 3779 694 3858 sunt
738 3775 1171 3876 Melothria,
1241 3777 1497 3887 Xyris,
1565 3781 2007 3880 Houstonia,
2063 3790 2454 3889 Cephalan-

215 3875 369 3960 thus
390 3938 415 3976 ,
468 3883 594 3955 Cla
646 3881 841 3955 tonia
862 3939 886 3974 ,
957 3883 1421 3976 Pontederia‚
1490 3887 1777 3977 Prinos,
1827 3888 2210 3979 Medeola,
2262 3892 2457 3970 Rhe-

216 3979 369 4072 xia,
438 3979 564 4055 Cle
684 3993 798 4068 a,'
840 3977 1311 4080 Hydrangea,
1386 3983 1863 4075 Penthorum,
1911 3985 2453 4086 Trichostema,

215 4077 652 4173 Schwabea,
697 4076 967 4155 Diodia
996 4133 1022 4172 ‚
1076 4078 1455 4182 Obularia,
1505 4082 2088 4186 Chrysogonum,
2140 4084 2384 4186 Nyss‘a.
